@misc{GecodeWEB,
    author = {Schulte, Christian and Lagerkvist, Mikael and Tack, Guido},
    title = {{Gecode}},
    url = {http://www.gecode.org/},
    urldate = {2018-04-22}
}
